@article{diggle2010geostatistical,
	title={Geostatistical inference under preferential sampling},
	author={Diggle, Peter J and Menezes, Raquel and Su, Ting-li},
	journal={Journal of the Royal Statistical Society: Series C (Applied Statistics)},
	volume={59},
	number={2},
	pages={191--232},
	year={2010},
	publisher={Wiley Online Library}
}
@article{rue2009approximate,
	title={Approximate Bayesian inference for latent Gaussian models by using integrated nested Laplace approximations},
	author={Rue, H{\aa}vard and Martino, Sara and Chopin, Nicolas},
	journal={Journal of the royal statistical society: Series b (statistical methodology)},
	volume={71},
	number={2},
	pages={319--392},
	year={2009},
	publisher={Wiley Online Library}
}
@book{moraga2019geospatial,
	title={Geospatial health data: Modeling and visualization with R-INLA and Shiny},
	author={Moraga, Paula},
	year={2019},
	publisher={CRC Press}
}
@article{whittle1963stochastic,
	title={Stochastic-processes in several dimensions},
	author={Whittle, Peter},
	journal={Bulletin of the International Statistical Institute},
	volume={40},
	number={2},
	pages={974--994},
	year={1963},
	publisher={INT STATISTICAL INSTITUTE 428 PRINSES BEATRIXLAEN, VOORBURG, NETHERLANDS}
}
@article{lindgren2011explicit,
	title={An explicit link between Gaussian fields and Gaussian Markov random fields: the stochastic partial differential equation approach},
	author={Lindgren, Finn and Rue, H{\aa}vard and Lindstr{\"o}m, Johan},
	journal={Journal of the Royal Statistical Society: Series B (Statistical Methodology)},
	volume={73},
	number={4},
	pages={423--498},
	year={2011},
	publisher={Wiley Online Library}
}